
@BOOK{Bir71,
  author = {L. S. Birks},
  title = {Electron Probe Microanalysis},
  volume = {},
  series = {},
  publisher = {Wiley},
  address = {New York},
  edition = {Second},
  month = {},
  year = {1971},
  pages = {40},
  note = {},
  }

@BOOK{Boerner2003,
  author = {B{\"o}rner, G.},
  title = {The Early Universe},
  edition = {Fourth},
  publisher = {Springer},
  address = {Berlin},
  year = 2003}

@MISC{Bri72,
  author = {N. R. Briggs},
  title = {computer code \textsc{crux}},
  publisher = {Bell Laboratories},
  address = {Murray Hill, NJ},
  year = "1972",
  note = {},}

@PHDTHESIS{Dan65,
  author = {J. B. Danda},
  title = "Some Title",
  school = "Harvard University",
  address = {},
  month = {},
  year = 1965,
  }

@INPROCEEDINGS{Ed72,
  author = "D. K. Edwards",
  title = "Some Title",
  editor = "Raymond B. Landis and Gary J. Hordemann",
  booktitle = "Proceedings of the 1972 Heat Transfer and Fluid Mechanics Institute",
  number = "",
  series = "",
  pages = "71--72",
  address = "Stanford, CA",
  organization = "",
  publisher = "Stanford University",
  month = {},
  year = "1972",
  note = "",}

@ARTICLE{Gil74,
  author = {Gilbert, T. L.},
  year = {1974},
  title = {Some Title},
  journal = {J. Chem. Phys.},
  volume = {60},
  pages = {3835}}

@ARTICLE{Gil75,
  author = {Gilbert, T. L.},
  year = {1975},
  title = {Some Title},
  journal = prb,
  volume = {12},
  pages = {2111}}

@TRANSLATEDARTICLE{Koz73,
  author = {V. Kozub},
  title = {Some Title},
  journalabbr = "Fiz. Tekh. Poluprovodn.",
  volume = {9},
  month = {},
  year = {1975},
  pages = "2284",
  transjournalabbr = "Sov. Phys. Semicond.",
  transvolume = {9},
  transmonth = {},
  transyear = {1976},
  transpages = "1479",
  note = "",}

@ARTICLE{Lev77,
  author = "M. D. Levenson",
  title = "Some Title",
  journal = {Phys Today},
  volume = "30",
  number = "5",
  pages = "44--49",
  year = "1977"}

@BOOK{Mar94,
  author = {J. E. Marsden and T. S. Ratiu},
  year = {1994},
  title = {Introduction to Mechanics and Symmetry},
  volume = {},
  address = {New York},
  publisher = {Springer},
}

@BOOK{MBG69-74,
  editor = {H. Massey and E. Burhop and H. Gilbody},
  title = {Electronic and Ionic Phenomena},
  numvols = {5},
  publisher = {Clarendon Press},
  address = {Oxford},
  year = {1969--74},
}

@PRESENTATION{Mos66,
  author = {J. Moskowitz},
  title = {presented at the Midwest Conference on Theoretical Physics},
  organization = {Indiana University},
  address = {Bloomington, IN},
  month = {},
  year = {1966},
  note = {(unpublished)},}

@MISC{NIST,
  author = {{National Institutes of Standards and Technology, Physics Laboratory, Physical Reference Base}},
  title = {},
  publisher = {},
  month = {},
  year = "",
  url = "http://physics.nist.gov./PhysRefData/contents.html",
  note = {},}

@INCOLLECTION{Rid99,
  author = {W. Riddle and H. Lee},
  title = {Some Title},
  editor = {W. R. Hendee},
  booktitle = {Biomedical Uses of Radiation},
  publisher = {Wiley-VCH},
  address = {Weinheim, Germany},
  year = {1999},
}

@ARTICLE{Tay66,
  author = "H. W. Taylor",
  title = "Some Title",
  journal = {J. Chem. Soc.},
  volume = "1966",
  number = "",
  pages = "411",
  year = "",
  month = {},
  note = {}, }

@ARTICLE{YF73,
  author = "Gale Young and R. E. Funderlic",
  title = "Some Title",
  journal = jap,
  volume = "44",
  number = "5",
  pages = "5151",
  year = "1973",
  month = {},
  note = {}, }

@BOOK{Eri1984,
  title = {Protocol Analysis: Verbal Reports as Data},
  publisher = {MIT Press},
  year = "1984",
  author = {K. Anders Ericsson and Herbert A. Simon},
  address = {Cambridge (MA)},
  isbn = {9780262550239},}

@UNPUBLISHED{Hol04,
  author = {M. Holland},
  title = {Guide to Citing Internet Sources},
  publisher = {Bournemouth University, Poole, UK},
  address = {},
  month = {},
  year = "2004",
  url = {http://www.bournemouth.ac.uk/library/using/guide\_to\_citing\_internet\_sourc.html},
  lastchecked = {2012 Nov 4},
  note = {},}

@BOOK{Goldstein:forthcoming,
  author = {Goldstein, D. S.},
  year = {Forthcoming 2006},
  title = {Adrenaline and the Inner World: An Introduction to Scientific Integrative Medicine},
  address = {Baltimore (MD)},
  publisher = {Johns Hopkins University Press}}

@USPATENT{Tho73,
  author = "W. J. Thompson and D. R. Albert",
  month = "(3 March 1975)",
  year = "",
  note = "US Patent No. 7,430,020",}

@MISC{Mik26,
  author = "R. C. Mikkelson",
  note = "(private communication)",}

@EPRINT{Zan03,
  author = "F. Zantow and O. Kaczmarek and F. Karsch and P. Petreczky",
  year = "2003",
  url = "http://www.thphys.uni.heidelberg.de/hep-lat/0301.html",
  preprint = "preprint, hep-lat/0301015", }

@TRANSLATEDBOOK{fzf88,
  author = {F. French},
  chaptertitle = {{E}nglish title of a chapter in the translation of a book in a foreign language},
  title = {Title of a Book in Another Language (Quoted in that Language)},
  volume = {},
  series = {},
  publisher = {Dover},
  address = {New York},
  month = {},
  year = {1988},
  edition = {{P.} Smith (Transl.)},
  note = "original work published 1923",}

@FILM{HL74,
  author = {},
  title = {Technology: Catastrophe or Commitment?},
  producer = {Hobel--Leiterman productions},
  distributor = {Document Associates, Inc., 880 Third Ave., New York, NY 10022},
  year = "1974",
  address = {Toronto},
  note = {16 mm, color, 24 min},}

@article{Nak73,
  author = "Y. Nakayama and S. Akita",
  title = "",
  journal = "",
  journalabbr = "New J. Phys.",
  year = "2003",
  volume = "5",
  number = "",
  pages = "128",
  month = {},
  URL = "http://ej.iop.org/links/57/Hd+yfNDozFMnm2H8QoyUKA/njp3\_1\_128.pdf",
  note = {}, }

@TECHREPORT{HogEtAl73a,
  author = "R. V. Hogg and J. Smith and L. Jones and S. Smith",
  title = "A New Sample Adaptive Distribution-Free Test",
  institution = "University of Iowa, Dept. of Statistics",
  number = "24",
  address = "",
  month = "",
  year = "1973",
  note = "",}

@TECHREPORT{Swa03,
  author = "R. T. Swan and C. M. Pitman",
  title = "Saclay Report No. CEA-R 3147",
  institution = "",
  number = "",
  address = "",
  month = "",
  year = "1957",
  note = "(unpublished)",}

@BOOK{Israelachvili2011,
  author = {Israelachvili, Jacob N.},
  title = {Intermolecular and Surface Forces, Third Edition: Revised Third Edition},
  publisher = {Academic Press},
  address = {Anytown},
  year = {2011},
  url = {http://www.amazon.com/Intermolecular-Surface-Forces-Third-Edition/dp/0123919274},
  }
